@article{Andrieu,
	author = {Andrieu, Christophe and Doucet, Arnaud and Holenstein, Roman},
	title = {Particle Markov Chain Monte Carlo Methods},
	journal = {Journal of the Royal Statistical Society Series B: Statistical Methodology},
	volume = {72},
	number = {3},
	pages = {269-342},
	year = {2010},
	month = {05},
	doi = {10.1111/j.1467-9868.2009.00736.x},
	url = {https://doi.org/10.1111/j.1467-9868.2009.00736.x},
	eprint = {https://academic.oup.com/jrsssb/article-pdf/72/3/269/49515565/jrsssb\_72\_3\_269.pdf},
}

@article{Doucet,
	author = {Doucet, Arnaud and Johansen, Adam},
	year = {2009},
	month = {01},
	pages = {},
	title = {A Tutorial on Particle Filtering and Smoothing: Fifteen Years Later},
	volume = {12},
	journal = {Handbook of Nonlinear Filtering}
}

@article{Endo,
	title = {Introduction to particle Markov-chain Monte Carlo for disease dynamics modellers},
	journal = {Epidemics},
	volume = {29},
	pages = {100363},
	year = {2019},
	issn = {1755-4365},
	doi = {https://doi.org/10.1016/j.epidem.2019.100363},
	url = {https://www.sciencedirect.com/science/article/pii/S1755436519300301},
	author = {Akira Endo and Edwin {van Leeuwen} and Marc Baguelin},
	keywords = {Particle Markov-chain Monte Carlo, State-space models, Hidden Markov process, Particle filter, Sequential Monte Carlo}
}

@book{kroese2013handbook,
	title={Handbook of Monte Carlo Methods},
	author={Kroese, D.P. and Taimre, T. and Botev, Z.I.},
	isbn={9781118014950},
	series={Wiley Series in Probability and Statistics},
	url={https://books.google.dk/books?id=Trj9HQ7G8TUC},
	year={2013},
	publisher={Wiley}
}


@article{10.1214/14-STS511,
	author = {Nikolas Kantas and Arnaud Doucet and Sumeetpal S. Singh and Jan Maciejowski and Nicolas Chopin},
	title = {{On Particle Methods for Parameter Estimation in State-Space Models}},
	volume = {30},
	journal = {Statistical Science},
	number = {3},
	publisher = {Institute of Mathematical Statistics},
	pages = {328 -- 351},
	keywords = {Bayesian inference, maximum likelihood inference, particle filtering, sequential Monte Carlo, state-space models},
	year = {2015},
	doi = {10.1214/14-STS511},
	URL = {https://doi.org/10.1214/14-STS511}
}

@MISC{min_var_IS,
	TITLE = {How is this minimum variance worked out for this importance sampling estimator?},
	AUTHOR = {Shimao},
	YEAR = {2018},
	HOWPUBLISHED = {Cross Validated, \url{https://stats.stackexchange.com/q/324834}},
	NOTE = {(Version: 2018-01-24)},
}

@book{moral2004feynman,
	title={Feynman-Kac Formulae: Genealogical and Interacting Particle Systems with Applications},
	author={Moral, P.D.},
	isbn={9780387202686},
	lccn={2003063340},
	series={Probability and Its Applications},
	url={https://books.google.dk/books?id=8LypfuG8ZLYC},
	year={2004},
	publisher={Springer New York}
}

@article{Liu,
	author = {Jun S. Liu and Rong Chen},
	title = {Blind Deconvolution via Sequential Imputations},
	journal = {Journal of the American Statistical Association},
	volume = {90},
	number = {430},
	pages = {567--576},
	year = {1995},
	publisher = {ASA Website},
	doi = {10.1080/01621459.1995.10476549},
	url = {https://www.tandfonline.com/doi/abs/10.1080/01621459.1995.10476549}
}

@article{NUTS,
	author = {Homan, Matthew D. and Gelman, Andrew},
	title = {The No-U-turn sampler: adaptively setting path lengths in Hamiltonian Monte Carlo},
	year = {2014},
	issue_date = {January 2014},
	publisher = {JMLR.org},
	volume = {15},
	number = {1},
	issn = {1532-4435},
	journal = {J. Mach. Learn. Res.},
	month = jan,
	pages = {1593–1623},
	numpages = {31},
	keywords = {Bayesian inference, Hamiltonian Monte Carlo, Markov chain Monte Carlo, adaptive Monte Carlo, dual averaging}
}

﻿@Article{Doucet2000,
	author={Doucet, Arnaud
	and Godsill, Simon
	and Andrieu, Christophe},
	title={On sequential Monte Carlo sampling methods for Bayesian filtering},
	journal={Statistics and Computing},
	year={2000},
	month={Jul},
	day={01},
	volume={10},
	number={3},
	pages={197-208},
	issn={1573-1375},
	doi={10.1023/A:1008935410038},
	url={https://doi.org/10.1023/A:1008935410038}
}

@article{BRESLER01021986,
	author = {YORAM BRESLER},
	title = {Two-filter formulae for discrete-time non-linear bayesian smoothing},
	journal = {International Journal of Control},
	volume = {43},
	number = {2},
	pages = {629--641},
	year = {1986},
	publisher = {Taylor \& Francis},
	doi = {10.1080/00207178608933489},
	URL = {
	https://doi.org/10.1080/00207178608933489
	},
	eprint = { 
	https://doi.org/10.1080/00207178608933489
	}
}

@article{DoucetEstParamSSM,
	author = {Nikolas Kantas and Arnaud Doucet and Sumeetpal S. Singh and Jan Maciejowski and Nicolas Chopin},
	title = {{On Particle Methods for Parameter Estimation in State-Space Models}},
	volume = {30},
	journal = {Statistical Science},
	number = {3},
	publisher = {Institute of Mathematical Statistics},
	pages = {328 -- 351},
	keywords = {Bayesian inference, maximum likelihood inference, particle filtering, sequential Monte Carlo, state-space models},
	year = {2015},
	doi = {10.1214/14-STS511},
	URL = {https://doi.org/10.1214/14-STS511}
}

@misc{kiderlen2022survey,
	author = {Markus Kiderlen},
	title = {Survey Sampling and Stereology Lecture Notes},
	year = {2022},
	institution = {Aarhus University}
}

@article{gettingstarted,
	title={Getting Started with Particle Metropolis-Hastings for Inference in Nonlinear Dynamical Models},
	volume={88},
	url={https://www.jstatsoft.org/index.php/jss/article/view/v088c02},
	doi={10.18637/jss.v088.c02},
	number={2},
	journal={Journal of Statistical Software, Code Snippets},
	author={Dahlin, Johan and Schön, Thomas B.},
	year={2019},
	pages={1–41}
}

@misc{douc2005comparisonresamplingschemesparticle,
	title={Comparison of Resampling Schemes for Particle Filtering}, 
	author={Randal Douc and Olivier Cappé and Eric Moulines},
	year={2005},
	eprint={cs/0507025},
	archivePrefix={arXiv},
	primaryClass={cs.CE},
	url={https://arxiv.org/abs/cs/0507025}, 
}

@Article{Pitt,
	author={Pitt, Michael K. and Silva, Ralph dos Santos and Giordani, Paolo and Kohn, Robert},
	title={{On some properties of Markov chain Monte Carlo simulation methods based on the particle filter}},
	journal={Journal of Econometrics},
	year=2012,
	volume={171},
	number={2},
	pages={134-151},
	month={},
	keywords={Auxiliary variables; Adapted filtering; Bayesian inference; Simulated likelihood},
	doi={10.1016/j.jeconom.2012.06}
}

@article{Rubin,
	author = {Andrew Gelman and Donald B. Rubin},
	title = {{Inference from Iterative Simulation Using Multiple Sequences}},
	volume = {7},
	journal = {Statistical Science},
	number = {4},
	publisher = {Institute of Mathematical Statistics},
	pages = {457 -- 472},
	keywords = {Bayesian inference, Convergence of stochastic processes, ECM, EM, Gibbs sampler, importance sampling, Metropolis algorithm, multiple imputation, random-effects model, SIR},
	year = {1992},
	doi = {10.1214/ss/1177011136},
	URL = {https://doi.org/10.1214/ss/1177011136}
}

@Misc{Stan,
	Author = {{Stan Development Team}},
	Title = {Stan Modeling Language Users Guide and Reference Manual, version 2.36},
	url ={https://mc-stan.org},
	Year = {2024}
}

@article{ImprovedhatR,
	author = {Aki Vehtari and Andrew Gelman and Daniel Simpson and Bob Carpenter and Paul-Christian B{\"u}rkner},
	title = {{Rank-Normalization, Folding, and Localization: An Improved $\widehat{R}$ for Assessing Convergence of MCMC (with Discussion)}},
	volume = {16},
	journal = {Bayesian Analysis},
	number = {2},
	publisher = {International Society for Bayesian Analysis},
	pages = {667 -- 718},
	year = {2021},
	doi = {10.1214/20-BA1221},
	URL = {https://doi.org/10.1214/20-BA1221}
}

@book{gelman2013bayesian,
	title={Bayesian Data Analysis, Third Edition},
	author={Gelman, A. and Carlin, J.B. and Stern, H.S. and Dunson, D.B. and Vehtari, A. and Rubin, D.B.},
	isbn={9781439840955},
	lccn={2013039507},
	series={Chapman \& Hall/CRC Texts in Statistical Science},
	url={https://books.google.dk/books?id=ZXL6AQAAQBAJ},
	year={2013},
	publisher={Taylor \& Francis}
}

@article{VatsKnudson,
	author = {Dootika Vats and Christina Knudson},
	title = {{Revisiting the Gelman–Rubin Diagnostic}},
	volume = {36},
	journal = {Statistical Science},
	number = {4},
	publisher = {Institute of Mathematical Statistics},
	pages = {518 -- 529},
	keywords = {batch means, Convergence diagnostic, effective sample size, Gelman–Rubin, Markov chain Monte Carlo},
	year = {2021},
	doi = {10.1214/20-STS812},
	URL = {https://doi.org/10.1214/20-STS812}
}

@article{Geyer1992,
	author = {Charles J. Geyer},
	title = {{Practical Markov Chain Monte Carlo}},
	volume = {7},
	journal = {Statistical Science},
	number = {4},
	publisher = {Institute of Mathematical Statistics},
	pages = {473 -- 483},
	keywords = {central limit theorem, Gibbs sampler, Markov chain, Metropolis-Hastings algorithm, Monte Carlo, variance estimation},
	year = {1992},
	doi = {10.1214/ss/1177011137},
	URL = {https://doi.org/10.1214/ss/1177011137}
}

@misc{stan_prior_choice,
	author       = {{Stan Development Team}},
	title        = {Prior Choice Recommendations},
	year         = {2025},
	url          = {https://github.com/stan-dev/stan/wiki/Prior-Choice-Recommendations},
	note         = {Accessed: 2025-02-25}
}

@book{robert_monte_2004,
	added-at = {2020-07-15T00:37:54.000+0200},
	author = {Robert, C.P. and Casella, G.},
	biburl = {https://www.bibsonomy.org/bibtex/2c45ba78e01455a35b301daddc182caed/twagener},
	interhash = {faaab58e84fb4966b7d2118bc839c076},
	intrahash = {c45ba78e01455a35b301daddc182caed},
	keywords = {},
	publisher = {Springer Verlag},
	timestamp = {2020-07-15T00:37:54.000+0200},
	title = {Monte {Carlo} statistical methods},
	year = 2004
}

@misc{vehtari2024paretosmoothedimportancesampling,
	title={Pareto Smoothed Importance Sampling}, 
	author={Aki Vehtari and Daniel Simpson and Andrew Gelman and Yuling Yao and Jonah Gabry},
	year={2024},
	eprint={1507.02646},
	archivePrefix={arXiv},
	primaryClass={stat.CO},
	url={https://arxiv.org/abs/1507.02646}, 
}


