@article{Andrieu,
	author = {Andrieu, Christophe and Doucet, Arnaud and Holenstein, Roman},
	title = {Particle Markov Chain Monte Carlo Methods},
	journal = {Journal of the Royal Statistical Society Series B: Statistical Methodology},
	volume = {72},
	number = {3},
	pages = {269-342},
	year = {2010},
	month = {05},
	doi = {10.1111/j.1467-9868.2009.00736.x},
	url = {https://doi.org/10.1111/j.1467-9868.2009.00736.x},
	eprint = {https://academic.oup.com/jrsssb/article-pdf/72/3/269/49515565/jrsssb\_72\_3\_269.pdf},
}

@article{Doucet,
	author = {Doucet, Arnaud and Johansen, Adam},
	year = {2009},
	month = {01},
	pages = {},
	title = {A Tutorial on Particle Filtering and Smoothing: Fifteen Years Later},
	volume = {12},
	journal = {Handbook of Nonlinear Filtering}
}

@article{Endo,
	title = {Introduction to particle Markov-chain Monte Carlo for disease dynamics modellers},
	journal = {Epidemics},
	volume = {29},
	pages = {100363},
	year = {2019},
	issn = {1755-4365},
	doi = {https://doi.org/10.1016/j.epidem.2019.100363},
	url = {https://www.sciencedirect.com/science/article/pii/S1755436519300301},
	author = {Akira Endo and Edwin {van Leeuwen} and Marc Baguelin},
	keywords = {Particle Markov-chain Monte Carlo, State-space models, Hidden Markov process, Particle filter, Sequential Monte Carlo}
}

@book{kroese2013handbook,
	title={Handbook of Monte Carlo Methods},
	author={Kroese, D.P. and Taimre, T. and Botev, Z.I.},
	isbn={9781118014950},
	series={Wiley Series in Probability and Statistics},
	url={https://books.google.dk/books?id=Trj9HQ7G8TUC},
	year={2013},
	publisher={Wiley}
}


@article{10.1214/14-STS511,
	author = {Nikolas Kantas and Arnaud Doucet and Sumeetpal S. Singh and Jan Maciejowski and Nicolas Chopin},
	title = {{On Particle Methods for Parameter Estimation in State-Space Models}},
	volume = {30},
	journal = {Statistical Science},
	number = {3},
	publisher = {Institute of Mathematical Statistics},
	pages = {328 -- 351},
	keywords = {Bayesian inference, maximum likelihood inference, particle filtering, sequential Monte Carlo, state-space models},
	year = {2015},
	doi = {10.1214/14-STS511},
	URL = {https://doi.org/10.1214/14-STS511}
}

@MISC{min_var_IS,
	TITLE = {How is this minimum variance worked out for this importance sampling estimator?},
	AUTHOR = {Shimao},
	YEAR = {2018},
	HOWPUBLISHED = {Cross Validated, \url{https://stats.stackexchange.com/q/324834}},
	NOTE = {(Version: 2018-01-24)},
}

@book{moral2004feynman,
	title={Feynman-Kac Formulae: Genealogical and Interacting Particle Systems with Applications},
	author={Moral, P.D.},
	isbn={9780387202686},
	lccn={2003063340},
	series={Probability and Its Applications},
	url={https://books.google.dk/books?id=8LypfuG8ZLYC},
	year={2004},
	publisher={Springer New York}
}

@article{Liu,
	author = {Jun S. Liu and Rong Chen},
	title = {Blind Deconvolution via Sequential Imputations},
	journal = {Journal of the American Statistical Association},
	volume = {90},
	number = {430},
	pages = {567--576},
	year = {1995},
	publisher = {ASA Website},
	doi = {10.1080/01621459.1995.10476549},
	url = {https://www.tandfonline.com/doi/abs/10.1080/01621459.1995.10476549}
}



